<?xml version="1.0" encoding="UTF-8"?>
<collection><record><leader>04063cam a2200325Mu 4500</leader><controlfield tag="001">9979775553506421</controlfield><controlfield tag="005">20231120120239.0</controlfield><controlfield tag="006">m        d        </controlfield><controlfield tag="007">cr |||||||||||</controlfield><controlfield tag="008">131212s2009    xx      om    000 0 por d</controlfield><datafield tag="035" ind1=" " ind2=" "><subfield code="a">(NjP)7977555-princetondb</subfield></datafield><datafield tag="035" ind1=" " ind2=" "><subfield code="a">(OCoLC)on1365096629</subfield></datafield><datafield tag="035" ind1=" " ind2=" "><subfield code="z">(NjP)Voyager7977555</subfield></datafield><datafield tag="035" ind1=" " ind2=" "><subfield code="z">(NjP)Voyager7977555</subfield></datafield><datafield tag="035" ind1=" " ind2=" "><subfield code="a">(OCoLC)1365096629</subfield></datafield><datafield tag="040" ind1=" " ind2=" "><subfield code="a">PUL</subfield><subfield code="b">eng</subfield><subfield code="c">PUL</subfield><subfield code="d">PUL</subfield><subfield code="d">OCLCL</subfield></datafield><datafield tag="041" ind1=" " ind2="7"><subfield code="a">por</subfield><subfield code="2">iso639-3</subfield></datafield><datafield tag="245" ind1="0" ind2="0"><subfield code="a">Patrimônio cultural e cidade: práticas de preservação em São Paulo.</subfield></datafield><datafield tag="246" ind1="3" ind2=" "><subfield code="a">Cultural heritage and the cities: experiences of preservation in São Paulo City</subfield></datafield><datafield tag="260" ind1=" " ind2=" "><subfield code="b">Biblioteca Digitais de Teses e Dissertações da USP</subfield><subfield code="c">2009-08-11.</subfield></datafield><datafield tag="300" ind1=" " ind2=" "><subfield code="a">1 online resource</subfield></datafield><datafield tag="520" ind1="8" ind2=" "><subfield code="a">A ampliação da noção de patrimônio cultural e a consequente inserção da problemática urbana no debate patrimonial ocorre sobretudo a partir dos anos 1970, processo este já consolidado pela bibliografia, destacando-se aí o conceito de patrimônio ambiental urbano. Reconhecendo este processo, esta tese analisa a preservação do patrimônio daí decorrente, que se firmou em torno de três eixos: a questão urbana, o meio-ambiente e a cidadania. Considera que a complexidade da prática preservacionista impõe o estudo da interface da preservação com a gestão urbana e das relações entre teoria e ação, problematizando a própria prática. Especialmente, procura historicizar, problematizar e refletir sobre as práticas do órgão preservacionista estadual, o CONDEPHAAT, a partir deste contexto, em processos de estudo de tombamento de bairros e regulamentação de áreas envoltórias na cidade de São Paulo. Fundamentalmente, procura mostrar como os casos escolhidos avançaram em um novo modo de se pensar o patrimônio, pelo fato de incluírem na discussão sobre a preservação o tema da qualidade de vida e a participação da sociedade civil no processo. Trata-se de uma discussão que inclui também o patrimônio como um direito social à memória.</subfield></datafield><datafield tag="520" ind1="8" ind2=" "><subfield code="a">The extension of the notion of cultural heritage and the consequent inclusion of the urban dilemma in the heritage related debates occur mainly from the seventieth years. This process has been already consolidated by the doctrine, being emphasized the concept of urban environmental heritage. Also recognizing such process, this thesis analyses the preservation and conservation of the heritage, which has been studied by three lines: the urban dilemma, the environment, and the citizenship. It is considered that the complexity of the preservative experiences imposes the analysis of the relationship between the preservation and the urban management and between theory and practice. From this context, this thesis specially intends to discuss the history and the problems of the experiences of the estate institution of preservation CONDEPHAAT -, from the analysis of the procedures of listed districts and regulation of surrounding areas of Sao Paulo city. Finally, this thesis intends to demonstrate how the chosen cases moved on to a new way to think heritage, by the reason of including in the discussion the issue of quality of life and participation of the civil society. This discussion also includes the heritage as social right to the memory.</subfield></datafield><datafield tag="540" ind1=" " ind2=" "><subfield code="a">Liberar o conteúdo para acesso público.</subfield></datafield><datafield tag="546" ind1=" " ind2=" "><subfield code="a">Portuguese.</subfield></datafield><datafield tag="500" ind1=" " ind2=" "><subfield code="a">Application/pdf.</subfield></datafield><datafield tag="502" ind1=" " ind2=" "><subfield code="a">Thesis / Dissertation ETD.</subfield></datafield><datafield tag="655" ind1=" " ind2="7"><subfield code="a">Criticism, interpretation, etc.</subfield><subfield code="2">fast</subfield></datafield><datafield tag="720" ind1=" " ind2=" "><subfield code="a">Lanna, Ana Lucia Duarte</subfield><subfield code="4">ctb</subfield></datafield><datafield tag="720" ind1=" " ind2=" "><subfield code="a">Prata, Juliana Mendes</subfield><subfield code="4">cre</subfield></datafield><datafield tag="758" ind1=" " ind2=" "><subfield code="i">has work:</subfield><subfield code="a">Patrimônio cultural e cidade (Text)</subfield><subfield code="1">https://id.oclc.org/worldcat/entity/E39PCYKFQc7Bc83xq77mqfC373</subfield><subfield code="4">https://id.oclc.org/worldcat/ontology/hasWork</subfield></datafield><datafield tag="904" ind1=" " ind2=" "><subfield code="a">bv</subfield><subfield code="b">o</subfield><subfield code="h">n</subfield><subfield code="c">b</subfield><subfield code="e">20131212</subfield></datafield><datafield tag="914" ind1=" " ind2=" "><subfield code="a">(OCoLC)on1365096629</subfield><subfield code="b">OCoLC</subfield><subfield code="c">create</subfield><subfield code="d">20230125</subfield><subfield code="e">processed</subfield><subfield code="f">1365096629</subfield></datafield><datafield tag="916" ind1=" " ind2=" "><subfield code="a">2024-02-03</subfield><subfield code="b">1365096629</subfield><subfield code="c">WorldCat record variable field(s) change: 758</subfield><subfield code="d">9979775553506421</subfield><subfield code="e">WorldShare Record Update</subfield></datafield><datafield tag="916" ind1=" " ind2=" "><subfield code="a">2024-02-09</subfield><subfield code="b">1365096629</subfield><subfield code="c">WorldCat record variable field(s) change: 758</subfield><subfield code="d">9979775553506421</subfield><subfield code="e">WorldShare Record Update</subfield></datafield><datafield tag="956" ind1="4" ind2="0"><subfield code="u">http://www.teses.usp.br/teses/disponiveis/16/16133/tde-19032010-104346/</subfield><subfield code="3">Item Resolution URL</subfield><subfield code="x">This 856 field was generated using the WorldCat Digital Collection Gateway</subfield><subfield code="i">Put this Resolution URL in a web browser to view this item.</subfield></datafield><datafield tag="999" ind1=" " ind2=" "><subfield code="a">7977555</subfield></datafield></record></collection>